@online{VGG13,
    author = " ",
    organization = "",
    year = " ",
    title = "Implementing VGG13 for MNIST dataset in TensorFlow",
    url = {https://medium.com/@amir_hf8/implementing-vgg13-for-mnist-dataset-in-tensorflow-abc1460e2b93},
    urldate = {2022-04-21}
}



@online{Relu,
    author = " ",
    organization = "",
    year = " ",
    title = "A Gentle Introduction to the Rectified Linear Unit (ReLU)",
    url = {https://machinelearningmastery.com/rectified-linear-activation-function-for-deep-learning-neural-networks/},
    urldate = {2022-04-21}
}

@online{Epoch,
    author = " ",
    organization = "",
    year = " ",
    title = "Difference Between a Batch and an Epoch in a Neural Network",
    url = {https://machinelearningmastery.com/difference-between-a-batch-and-an-epoch/},
    urldate = {2022-04-21}
}



@online{Intro,
    author = " ",
    organization = "",
    year = " ",
    title = "Introduction to Deep Learning",
    url = {https://pythonprogramming.net/introduction-deep-learning-python-tensorflow-keras/},
    urldate = {2022-04-21}
}